@misc{Schaack_2015,
  author   = {Schaack, Beth Van},
  journal  = {Center for Internet and Society},
  language = {en},
  month    = mar,
  title    = {Chinaâ€™s golden Shield: Is Cisco Systems complicit?},
  url      = {https://cyberlaw.stanford.edu/blog/2015/03/china%E2%80%99s-golden-shield-cisco-systems-complicit},
  year     = {2015}
}
